@InCollection{AldinucciEtAl14,
  author =       {M. Aldinucci and M. Danelutto and P. Kilpatrick and
                  M. Torquati},
  title =        {FastFlow: High-level and Efficient Streaming on
                  Multi-core},
  booktitle =    {Programming Multi-core and Many-core Computing
                  Systems},
  publisher =    {Wiley},
  year =         2014,
  editor =       {S. Pllana and F. Xhafa},
  note =
                  {\url{http://calvados.di.unipi.it/dokuwiki/doku.php/ffnamespace:papers}}
}

@InCollection{AppelbeEtAl96,
  author = 	 "Appelbe, B. and al.",
  title = 	 "Hoisting Branch Conditions---Improving Superscalar
		  Processor Performance",
  booktitle = 	 "Languages and Compilers for Parallel Computing",
  publisher = 	 "Springer-Verlag, LNCS-1033",
  year = 	 "1996",
  pages =	 "304--317",
  note =	 "",
  resume =	 "Propose une nouvelle forme de branchement: {\tt
		  future branch}, qui permet de minimiser les
		  p\'enalit\'es associ\'ees aux branchement."
}

@Book{CullerSin99,
  author = 	 "Culler, D.E. and Singh, J.P.",
  title = 	 "Parallel Computer Architecture---A
                  Hardware/Software Interface",
  publisher = 	 "Morgan Kaufmann Publishers",
  year = 	 "1999",
  resume =	 ""
}

@InProceedings{AdamsNevSch00,
  author    = 	 "Adams, J. and Nevison, C. and Schaller, N.C.",
  title     = 	 "Parallel Computing to Start the Millenium",
  booktitle = 	 "Proceedings of the Thirty-first ACM SIGCSE Technical Symposium",
  pages     =   "65--69",
  year      = 	 "2000",
  publisher =	 "ACM"
}

@MastersThesis{Lalonde06url,
  author = 	 {Lalonde, M.},
  title = 	 {Mod\'elisation par automates cellulaires de br\`eches hydro-thermales},
  school = 	 "D\'ep.\ d'Informatique, UQAM",
  year = 	 "2006",
  month =	 {Mars},
  note =	 "\url{http://www.info.uqam.ca/~tremblay/Maitrises/lalonde.html}"
}



@Article{AndersonEtAl95,
  author = 	 "Anderson, T.E. and Culler, D.E. and Patterson, D.A.",
  title = 	 "A Case for {NOW} ({Networks Of Workstations})",
  journal = 	 "IEEE Micro",
  year = 	 "1995",
  volume =	 "",
  number =	 "",
  note =	 "",
  dossier =	 {},
  resume =	 ""
}

@Book{Andrews00,
  author = 	 "Andrews, G.R.",
  title = 	 "Foundations of Multithreaded, Parallel, and Distributed Programming",
  publisher = 	 "Addison-Wesley",
  address =      "Reading, MA",
  year = 	 2000,
  note =         "[QA76.58A57 2000]"
}

@book{urma2014java,
  author={Urma, Raoul-Gabriel and al.},
  title={Java 8 in action},
  publisher={Manning publications},
  year = 2014
}

@book{Torquati15,
  author={M Torquati},
  title={Parallel Programming Using FastFlow},
  publisher={Computer Science Department, University of Pisa},
  year=2015
}

@TechReport{HudakWad90,
  author = "Hudak, P. and Wadler, P.",
  title = "Report on the Programming Language {Haskell}, A Non-strict Purely Functional Language ({Version 1.0})",
  institution = "Yale University, Department of Computer Science",
  month = "April",
  number = "YALEU/DCS/RR777",
  year = 1990
  ,Dossier = ""
}

@book{hutton2016programming,
  title={Programming in Haskell},
  author={Hutton, Graham},
  year={2016},
  publisher={Cambridge University Press}
}

@Book{Steele84,
  author = "{Steele}, G.L.",
  title = "Common {LISP}: The Language",
  publisher = "Digital Press",
  year = 1984
  ,Dossier = ""
}

@book{steele1990common,
  title={Common LISP: the language},
  author={Steele, Guy},
  year={1990},
  publisher={Elsevier}
}

@misc{javaStreamAPI,
  title={Oracle. Java Stream API},
  author={Oracle-Documentation},
  year={2018},
  howpublished={\url{https://docs.oracle.com/javase/8/docs/api/java/util/stream/package-summary.html}},
  note={Accessed on 09.12.2018}
}

@misc{javaStreamAggregate,
  title={Oracle. Lesson: Aggregate Operations},
  author={Oracle},
  year={2017},
  howpublished={\url{https://docs.oracle.com/javase/tutorial/collections/streams/}},
  note={Accessed on 08.12.2018}
}

@InProceedings{aldinucci2010efficient,
  title = {Efficient {Smith-Waterman} on multi-core with {FastFlow}},
  author = {Aldinucci, Marco and Meneghin, Massimiliano and Torquati, Massimo},
  booktitle = {Parallel, Distributed and Network-Based Processing (PDP), 2010 18th Euromicro International Conference on},
  pages = {195--199},
  year = 2010,
  organization={IEEE}
}



